<record><leader>00000cas a2200000 a 4500</leader><controlfield tag="001">34574311</controlfield><controlfield tag="007">hd afu---bact</controlfield><controlfield tag="007">hd bfu---baat</controlfield><controlfield tag="008">960415d190319uunbuwr nea     0    0swe d</controlfield><datafield ind1=" " ind2=" " tag="010"><subfield code="a">sn 96080233 </subfield></datafield><datafield ind1=" " ind2=" " tag="040"><subfield code="a">NVG</subfield><subfield code="b">eng</subfield><subfield code="c">NVG</subfield><subfield code="d">OCL</subfield><subfield code="d">OCLCQ</subfield><subfield code="d">OCLCF</subfield><subfield code="d">OCLCO</subfield><subfield code="d">OCLCQ</subfield></datafield><datafield ind1=" " ind2=" " tag="042"><subfield code="a">msc</subfield></datafield><datafield ind1=" " ind2=" " tag="043"><subfield code="a">n-us-nb</subfield></datafield><datafield ind1="0" ind2="0" tag="245"><subfield code="a">Vesterns svenska tribun.</subfield></datafield><datafield ind1="1" ind2="7" tag="246"><subfield code="a">Svenska tribun</subfield></datafield><datafield ind1=" " ind2=" " tag="260"><subfield code="a">Omaha, Neb. :</subfield><subfield code="b">Swedish Tribune Pub. Co.,</subfield><subfield code="c">1903-</subfield></datafield><datafield ind1=" " ind2=" " tag="300"><subfield code="a">volumes</subfield></datafield><datafield ind1=" " ind2=" " tag="310"><subfield code="a">Weekly</subfield></datafield><datafield ind1=" " ind2=" " tag="336"><subfield code="a">text</subfield><subfield code="b">txt</subfield><subfield code="2">rdacontent</subfield></datafield><datafield ind1=" " ind2=" " tag="337"><subfield code="a">microform</subfield><subfield code="b">h</subfield><subfield code="2">rdamedia</subfield></datafield><datafield ind1=" " ind2=" " tag="338"><subfield code="a">microfilm reel</subfield><subfield code="b">hd</subfield><subfield code="2">rdacarrier</subfield></datafield><datafield ind1="0" ind2=" " tag="362"><subfield code="a">4 arg., no. 23 (7 Jan. 1903)- = lo&#776;p. n:r 179-</subfield></datafield><datafield ind1=" " ind2=" " tag="546"><subfield code="a">In Swedish.</subfield></datafield><datafield ind1=" " ind2=" " tag="533"><subfield code="a">Microfilm.</subfield><subfield code="m">1903-Mar. 16,1904.</subfield><subfield code="b">Lincoln, Neb. :</subfield><subfield code="c">Nebraska State Historical Society,</subfield><subfield code="d">1973.</subfield><subfield code="e">1 microfilm reel ; 35 mm.</subfield></datafield><datafield ind1=" " ind2="0" tag="650"><subfield code="a">Swedes</subfield><subfield code="z">Nebraska</subfield><subfield code="v">Newspapers.</subfield></datafield><datafield ind1=" " ind2="0" tag="650"><subfield code="a">Swedish Americans</subfield><subfield code="z">Nebraska</subfield><subfield code="v">Newspapers.</subfield></datafield><datafield ind1=" " ind2="0" tag="650"><subfield code="a">Swedish American newspapers.</subfield></datafield><datafield ind1=" " ind2="7" tag="650"><subfield code="a">Swedes.</subfield><subfield code="2">fast</subfield><subfield code="0">(OCoLC)fst01139996</subfield></datafield><datafield ind1=" " ind2="7" tag="650"><subfield code="a">Swedish American newspapers.</subfield><subfield code="2">fast</subfield><subfield code="0">(OCoLC)fst01140200</subfield></datafield><datafield ind1=" " ind2="7" tag="650"><subfield code="a">Swedish Americans.</subfield><subfield code="2">fast</subfield><subfield code="0">(OCoLC)fst01140023</subfield></datafield><datafield ind1=" " ind2="7" tag="651"><subfield code="a">Nebraska.</subfield><subfield code="2">fast</subfield><subfield code="0">(OCoLC)fst01208998</subfield></datafield><datafield ind1=" " ind2="7" tag="655"><subfield code="a">Newspapers.</subfield><subfield code="2">fast</subfield><subfield code="0">(OCoLC)fst01423814</subfield></datafield><datafield ind1=" " ind2=" " tag="752"><subfield code="a">United States</subfield><subfield code="b">Nebraska</subfield><subfield code="c">Douglas</subfield><subfield code="d">Omaha.</subfield></datafield><datafield ind1="1" ind2=" " tag="776"><subfield code="c">Original</subfield><subfield code="w">(DLC)sn 88086154</subfield></datafield><datafield ind1="0" ind2="0" tag="780"><subfield code="t">Lincoln svenska tribun</subfield><subfield code="w">(DLC)sn 96080232</subfield></datafield><datafield ind1="1" ind2=" " tag="029"><subfield code="a">AU@</subfield><subfield code="b">000012446595</subfield></datafield></record>